@ARTICLE{Ingraham20,
	  author =       {{Ingraham}, P. et. al },
	    title =        "{Vera C. Rubin Observatory Calibration:  Auxiliary TelescopeCommissioning as a Control System Pathfinder}",
	      journal =      {SPIE this conference },
	        year =         2020,
}


@ARTICLE{2019arXiv190505116B,
	       author = {{Bauer}, Amanda E. and {Bellm}, Eric C. and {Bolton}, Adam S. and
		                {Chaudhuri}, Surajit and {Connolly}, A.~J. and {Cruz}, Kelle L. and
				         {Desai}, Vandana and {Drlica-Wagner}, Alex and {Economou}, Frossie and
					          {Gaffney}, Niall and {Kavelaars}, J. and {Kinney}, J. and
						           {Li}, Ting S. and {Lundgren}, B. and {Margutti}, R. and {Narayan}, G. and
							            {Nord}, B. and {Norman}, Dara J. and {O'Mullane}, W. and {Padhi}, S. and
								             {Peek}, J.~E.~G. and {Schafer}, C. and {Schwamb}, Megan E. and
									              {Smith}, Arfon M. and {Tollerud}, Erik J. and {Weijmans}, Anne-Marie and
										               {Szalay}, Alexander S.},
	               title = "{Petabytes to Science}",
		             journal = {arXiv e-prints},
			          keywords = {Astrophysics - Instrumentation and Methods for Astrophysics},
				           year = "2019",
					           month = "May",
						             eid = {arXiv:1905.05116},
							             pages = {arXiv:1905.05116},
								     archivePrefix = {arXiv},
								            eprint = {1905.05116},
									     primaryClass = {astro-ph.IM},
									            adsurl = {https://ui.adsabs.harvard.edu/abs/2019arXiv190505116B},
										          adsnote = {Provided by the SAO/NASA Astrophysics Data System}
}


@ARTICLE{2019arXiv190713060O,
	       author = {{O'Mullane}, William and {Gaffney}, Niall and {Economou}, Frossie and
		                {Smith}, Arfon M. and {Thomson}, J. Ross and {Jenness}, Tim},
	               title = "{The demise of the filesystem and multi level service architecture}",
		             journal = {arXiv e-prints},
			          keywords = {Astrophysics - Instrumentation and Methods for Astrophysics, Computer Science - Databases},
				           year = "2019",
					           month = "Jul",
						             eid = {arXiv:1907.13060},
							             pages = {arXiv:1907.13060},
								     archivePrefix = {arXiv},
								            eprint = {1907.13060},
									     primaryClass = {astro-ph.IM},
									            adsurl = {https://ui.adsabs.harvard.edu/abs/2019arXiv190713060O},
										          adsnote = {Provided by the SAO/NASA Astrophysics Data System}
}


@ARTICLE{2018arXiv181208085J,
	       author = {{Jenness}, Tim and {Bosch}, James F. and {Schellart}, Pim and
		                {Lim}, Kian-Ta and {Salnikov}, Andrei and {Gower}, Michelle},
	               title = "{Abstracting the storage and retrieval of image data at the LSST}",
		             journal = {arXiv e-prints},
			          keywords = {Astrophysics - Instrumentation and Methods for Astrophysics},
				           year = "2018",
					           month = "Dec",
						             eid = {arXiv:1812.08085},
							             pages = {arXiv:1812.08085},
								     archivePrefix = {arXiv},
								            eprint = {1812.08085},
									     primaryClass = {astro-ph.IM},
									            adsurl = {https://ui.adsabs.harvard.edu/abs/2018arXiv181208085J},
										          adsnote = {Provided by the SAO/NASA Astrophysics Data System}
}


